@misc{https://doi.org/10.48550/arxiv.1306.0940,
  doi = {10.48550/ARXIV.1306.0940},
  
  url = {https://arxiv.org/abs/1306.0940},
  
  author = {Osband, Ian and Russo, Daniel and Van Roy, Benjamin},
  
  keywords = {Machine Learning (stat.ML), Machine Learning (cs.LG), FOS: Computer and information sciences, FOS: Computer and information sciences},
  
  title = {(More) Efficient Reinforcement Learning via Posterior Sampling},
  
  publisher = {arXiv},
  
  year = {2013},
  
  copyright = {arXiv.org perpetual, non-exclusive license}
}

@inproceedings{workshop,
  author    = {E. Markou, and C. E. Rasmussen},
  title     = {{Bayesian methods for efficient Reinforcement Learning in tabular problems}},
  year      = {2019},
  booktitle = {NeurIPS Workshop on Biological and Artificial RL}
}

@misc{key, 
    author = {E. Markou}, 
    year = {2019}, 
    howpublished = {\url{https://github.com/stratisMarkou/sample-efficient-bayesian-rl}}
}
    